<record><leader>00000cas a22000007a 4500</leader><controlfield tag="001">9310170</controlfield><controlfield tag="008">830315d18321833mauwr ne      0    0eng d</controlfield><controlfield tag="009">3768</controlfield><datafield ind1=" " ind2=" " tag="010"><subfield code="a">sn 83020247 </subfield></datafield><datafield ind1=" " ind2=" " tag="040"><subfield code="a">NPX</subfield><subfield code="b">eng</subfield><subfield code="c">NPX</subfield><subfield code="d">MGN</subfield><subfield code="d">DLC</subfield><subfield code="d">OCLCG</subfield></datafield><datafield ind1=" " ind2=" " tag="042"><subfield code="a">msc</subfield></datafield><datafield ind1=" " ind2=" " tag="043"><subfield code="a">n-us-ma</subfield></datafield><datafield ind1="0" ind2="0" tag="245"><subfield code="a">Fitchburg gazette and weekly advertiser.</subfield></datafield><datafield ind1=" " ind2=" " tag="260"><subfield code="a">Fitchburg [Mass.] :</subfield><subfield code="b">B. Cooke,</subfield></datafield><datafield ind1=" " ind2=" " tag="300"><subfield code="a">v. ;</subfield><subfield code="c">53 cm.</subfield></datafield><datafield ind1=" " ind2=" " tag="310"><subfield code="a">Weekly</subfield></datafield><datafield ind1="0" ind2=" " tag="362"><subfield code="a">Vol. 3, no. 2 (Oct. 23, 1832)-</subfield></datafield><datafield ind1="1" ind2=" " tag="362"><subfield code="a">Ceased in 1833.  Cf. Garfield, J.F.D.  Sketch of journalism in Fitchburg, Mass.</subfield></datafield><datafield ind1=" " ind2=" " tag="500"><subfield code="a">Editor: N. Wood.</subfield></datafield><datafield ind1="1" ind2=" " tag="700"><subfield code="a">Wood, Nathaniel,</subfield><subfield code="d">1797-1876.</subfield></datafield><datafield ind1=" " ind2=" " tag="752"><subfield code="a">United States</subfield><subfield code="b">Massachusetts</subfield><subfield code="c">Worcester</subfield><subfield code="d">Fitchburg.</subfield></datafield><datafield ind1="0" ind2="0" tag="780"><subfield code="t">Fitchburg gazette</subfield><subfield code="w">(DLC)sn 83020248</subfield></datafield><datafield ind1=" " ind2=" " tag="936"><subfield code="a">1833 Apr. 13</subfield></datafield></record>